<record><leader>00000cas a22000007a 4500</leader><controlfield tag="001">12433380</controlfield><controlfield tag="008">850828d19371940wiuwr ne      0    0eng d</controlfield><datafield ind1=" " ind2=" " tag="010"><subfield code="a">sn 85040956 </subfield></datafield><datafield ind1=" " ind2=" " tag="040"><subfield code="a">NPV</subfield><subfield code="b">eng</subfield><subfield code="c">NPV</subfield><subfield code="d">OCLCQ</subfield></datafield><datafield ind1=" " ind2=" " tag="042"><subfield code="a">msc</subfield></datafield><datafield ind1=" " ind2=" " tag="045"><subfield code="a">x4x4</subfield></datafield><datafield ind1=" " ind2=" " tag="052"><subfield code="a">4123</subfield><subfield code="b">S2</subfield></datafield><datafield ind1="0" ind2="4" tag="245"><subfield code="a">The St. Croix County leader.</subfield></datafield><datafield ind1="1" ind2="3" tag="246"><subfield code="a">Saint Croix County leader</subfield></datafield><datafield ind1=" " ind2=" " tag="260"><subfield code="a">New Richmond, St. Croix County, Wis. :</subfield><subfield code="b">Bloom &amp; Bye,</subfield><subfield code="c">1937-1940.</subfield></datafield><datafield ind1=" " ind2=" " tag="300"><subfield code="a">3 v. :</subfield><subfield code="b">ill.</subfield></datafield><datafield ind1=" " ind2=" " tag="310"><subfield code="a">Weekly</subfield></datafield><datafield ind1="0" ind2=" " tag="362"><subfield code="a">Vol. 1, no. 1 (Sept. 17, 1937)-v. 3, no. 26 (Mar. 14, 1940).</subfield></datafield><datafield ind1=" " ind2=" " tag="500"><subfield code="a">Publisher varies.</subfield></datafield><datafield ind1=" " ind2=" " tag="500"><subfield code="a">Editors: B. Bye, Sept. 17, 1937; G.P. Bloom, Nov. 18, 1937-March 14, 1940.</subfield></datafield><datafield ind1=" " ind2=" " tag="530"><subfield code="a">Available on microfilm from The State Historical Society of Wisconsin.</subfield></datafield><datafield ind1=" " ind2=" " tag="752"><subfield code="a">United States</subfield><subfield code="b">Wisconsin</subfield><subfield code="c">Saint Croix</subfield><subfield code="d">New Richmond.</subfield></datafield><datafield ind1="0" ind2="0" tag="785"><subfield code="t">Leader (New Richmond, Wis.)</subfield><subfield code="w">(DLC)sn 85040957</subfield></datafield><datafield ind1="1" ind2=" " tag="029"><subfield code="a">AU@</subfield><subfield code="b">000025807974</subfield></datafield></record>